@online{backstageio,
    author = "backstage.io",
    title = "backstage.io",
    url  = "https://backstage.io/",
    addendum = "(accessed: 30.03.2023)",
    keywords = "backstage"
}