@online{backstagedemo,
    author = "backstage.io",
    title = "Backstage Demo",
    url = "https://demo.backstage.io/catalog",
    addendum = "(accessed: 12.04.2023)",
    keywords = "backstage"
}
@online{backstagedemocost,
    author = "backstage.io",
    title = "Backstage Demo - Cost Insight",
    url = "https://demo.backstage.io/cost-insights?group=group-a",
    addendum = "(accessed: 30.04.2023)",
    keywords = "backstage"
}

@online{backstagestory,
    author = "backstage.io",
    title = "Backstage - The Spotify Story",
    url = "https://backstage.io/docs/overview/background/",
    addendum = "(accessed: 16.04.2023)",
    keywords = "backstage"
}

@online{backstagetechdocs,
    author = "backstage.io",
    title = "Backstage TechDocs",
    url = "https://backstage.io/docs/features/techdocs/",
    addendum = "(accessed: 12.04.2023)",
    keywords = "backstage, techdocs"
}

@online{richteretal,
    author = "Richter, Christoph C. and others",
    title = "Internal Developer Platform",
    url = "https://internaldeveloperplatform.org",
    addendum = "(accessed: 03.04.2023)",
    keywords = "internal developer platform"
}

@online{xenon,
    author = "XENONSTACK",
    title = "XENONSTACK",
    url = "https://xenonstack.com/insights/internal-developer-platform",
    addendum = "(accessed: 07.04.2023)",
    keywords = "internal developer platform, xenonstack"
}

@online{safedevops,
    author = "SAFe",
    title = "SAFE 6.0 DevOps Definition",
    url = "https://scaledagileframework.com/devops/",
    addendum = "(accessed: 07.04.2023)",
    date = 2023,
    keywords = "devops, agile"
}

@online{safepo,
    author = "SAFe",
    title = "SAFE 6.0 Product Owner Definition",
    url = "https://scaledagileframework.com/product-owner/",
    addendum = "(accessed: 07.04.2023)",
    date = 2023,
    keywords = "po, agile"
}

@online{vogels,
    author = "Vogels, Werner and Grays, Jim",
    title = "A Conversation with Werner Vogels",
    url = "https://queue.acm.org/detail.cfm?id=1142065",
    addendum = "(accessed: 07.04.2023)",
    date = 2006,
    keywords = "devops, aws, amazon"
}

@online{gartner,
    author = "Bhat, Manjunath",
    title = "A Software Engineering Leader’s Guide to Improving Developer Experience",
    url = "https://www.gartner.com/document/4017457",
    addendum = "(accessed: 03.04.2023)",
    date = 2022,
    keywords = "gartner, idp, software engineering, devops experience"
}

@online{sbbitkennzahlen,
    author = "SBB",
    title = "Beweg die Schweiz mit uns - Informatik",
    url = "https://company.sbb.ch/de/jobs-karriere/beweg-die-schweiz-mit-uns/informatik.html",
    addendum = "(accessed: 08.04.2023)",
    keywords = "sbb"
}

@online{sbbrcs,
    author = "SBB",
    title = "Verkehrssteuerung - RCS",
    url = "https://bahninfrastruktur.sbb.ch/de/produkte-dienstleistungen/bahninformatiksysteme/verkehrssteuerung/rcs.html",
    addendum = "(accessed: 08.04.2023)",
    keywords = "sbb"
}

@online{rhsbbopenshift,
    author = "Red Hat, Inc.",
    title = "Swiss Federal Railways (SBB) Deploy Red Hat OpenShift Container Platform to Accelerate IT Modernization",
    url = "https://www.redhat.com/en/about/press-releases/swiss-federal-railways-sbb-deploys-red-hat-openshift-container-platform-accelerate-it-modernization",
    addendum = "(accessed: 08.04.2023)",
    keywords = "red hat, sbb, openshift, paas"
}

@online{hashicorpvault,
    author = "Hashicorp",
    title = "Modern secrets management for a modern railway operator",
    url = "https://hashicorp.com/case-studies/swiss-federal-railways",
    addendum = "(accessed: 08.04.2023)",
    keywords = "gitops, sbb, hashicorp"
}

@online{sbbdevops,
    author = "Oswald, Baltisar and Eberle, Christoph",
    title = "DevOps @ Swiss Railways SBB",
    url = "https://www.youtube.com/watch?v=jPnMZpghiD4&t=6m30s",
    addendum = "(accessed: 08.04.2023)",
    date = 2017,
    keywords = "devops, sbb, openshift"
}

@online{sbbtekton,
    author = "Brüderli, Thomas and Wallrapp, Manuel",
    title = "ESTA Tekton - just a CI/CD System",
    url = "https://www.youtube.com/watch?v=SpRSndQCl2I#t=1h34m40s",
    addendum = "(accessed: 08.04.2023)",
    date = 2023,
    keywords = "devops, sbb, tekton, argocd"
}

@online{splunkidp,
    author = "Pallavi, Samanu and Lee, Heather",
    title = "Pink Phonebook",
    url = "https://www.youtube.com/watch?v=3dV3aZo6JN8&t=1609s",
    addendum = "(accessed: 13.04.2023)",
    date = 2021,
    keywords = "idp"
}

@online{sbbagile,
    author = "Decker, Jochen",
    title = "Die SBB Cloud Transformation Journey",
    url = "https://www.youtube.com/watch?v=JOoC9mvjjnU&t=328s",
    addendum = "(accessed: 09.04.2023)",
    date = 2021,
    keywords = "devops, agile, sbb, cio"
}

@online{devportalsprimer,
    author = "Myer, Astasia",
    title = "Developer Portals - a Primer",
    url = "https://medium.com/memory-leak/developer-portals-a-primer-3d189d061e9a",
    addendum = "(accessed: 10.04.2023)",
    date = 2021,
    keywords = "devportal"
}

@online{cncf,
    author = "CNCF",
    title = "Backstage Project Joins the CNCF Incubator",
    url = "https://www.cncf.io/blog/2022/03/15/backstage-project-joins-the-cncf-incubator/",
    addendum = "(accessed: 10.04.2023)",
    date = 2022,
    keywords = "devportal, backstage"
}

@online{spotifydx,
    author = "Granhed, Anna and Singh, Nandini",
    title = "How We Improved the Development Experience for our Client Developers",
    url = "https://engineering.atspotify.com/2022/10/how-we-improved-the-development-experience-for-our-client-developers/",
    addendum = "(accessed: 10.04.2023)",
    date = 2022,
    keywords = "devportal, backstage, dx"
}
@article{sbbdevopsexperience,
    author = "Peng, Thierry",
    title = "Umfrage DevOps Experience mit Core Service / Produkte / Plattformen",
    journal ="Internal Wiki",
    year = 2023,
}
@article{sbbjobstobedone,
    author = "Solan, Michael and Peng, Thierry and Bönzli, Patrick and Spirig, Lukas and Reginster, Cédric and Masen, Igor",
    title = "Jobs to be done Analyse",
    journal ="Internal Wiki",
    year = 2023,
}

@online{spotifygoldenpath,
    author = "Niemen, Gary",
    title = "How We Use Golden Paths to Solve Fragmentation in Our Software Ecosystem",
    url = "https://engineering.atspotify.com/2020/08/how-we-use-golden-paths-to-solve-fragmentation-in-our-software-ecosystem/",
    addendum = "(accessed: 13.04.2023)",
    date = 2020,
    keywords = "devportal, backstage, golden path"
}

@online{hcboev,
    author = "BWL",
    title = "Handbuch Cybersecurity für Betriebe des öffentlichen Verkehrs",
    url = "https://www.bwl.admin.ch/dam/bwl/de/dokumente/themen/ikt/branchenstandard_oe_v.pdf.download.pdf/Handbuch%20Cybersecurity%20f%C3%BCr%20Betriebe%20des%20%C3%B6ffentlichen%20Verkehrs.pdf",
    addendum = "(accessed: 15.04.2023)",
    date = 2021,
    keywords = "security, bwl"
}

@online{cenelec,
    author = "Boulanger, Jean-Louis",
    title = "CENELEC 50128 and IEC 62279 Standards",
    url = "https://dl.icdst.org/pdfs/files3/2d3651d30c3fc8c51ad1c56bfef3a313.pdf",
    addendum = "(accessed: 15.04.2023)",
    date = 2015,
    keywords = "cenelec, sil"
}
@online{finopsdefinition,
    author = "finops.io",
    title = "What is FinOps",
    url = "https://www.finops.org/introduction/what-is-finops/",
    addendum = "(accessed: 30.04.2023)",
    keywords = "backstage"
}