@online{backstageio,
    author = "backstage.io",
    title = "backstage.io",
    url = "https://backstage.io/",
    addendum = "(accessed: 30.03.2023)",
    keywords = "backstage"
}

@online{idporgdevportal,
    author = "internaldeveloperplatform.org",
    title = "Developer Portals & Service Catalogs",
    url = "https://internaldeveloperplatform.org/developer-portals/",
    addendum = "(accessed: 03.04.2023)",
    keywords = "idporgdevportal"
}

@online{gartner,
    author = "Manjunath Bhat",
    title = "A Software Engineering Leaderâ€™s Guide to Improving Developer Experience",
    url = "https://internaldeveloperplatform.org/developer-portals/",
    addendum = "(accessed: 03.04.2023)",
    keywords = "gartner"
}